@online{bib:CHEM22000Notes,
    author    = {Steven Labalme},
    title     = {{CHEM 22000 (Organic Chemistry I)} Notes},
    year      = {2021},
    url       = {https://github.com/shadypuck/CHEM22000Notes/blob/master/Notes/notes.pdf},
    urldate   = {2022-03-29}
}